@phdthesis{abney1987,
  title={The English noun phrase in its sentential aspect},
  author={Abney, Steven P},
  year={1987},
  school={Massachusetts Institute of Technology}
}

@article{bale2011,
  title={Scales and comparison classes},
  author={Bale, Alan Clinton},
  journal={Natural Language Semantics},
  volume={19},
  pages={169--190},
  year={2011},
  publisher={Springer}
}

@article{bhatt2004,
  title={Late merger of degree clauses},
  author={Bhatt, Rajesh and Pancheva, Roumyana},
  journal={Linguistic Inquiry},
  volume={35},
  number={1},
  pages={1--45},
  year={2004},
  publisher={MIT Press One Rogers Street, Cambridge, MA 02142-1209, USA journals-info~â€¦}
}

@article{bierwisch1989,
  title={The semantics of gradation},
  author={Bierwisch, Manfred},
  journal={Dimensional adjectives},
  volume={71},
  number={261},
  pages={35},
  year={1989}
}

@article{carston2013,
  title={12. Implicature, Explicature, and Truth-Theoretic Semantics},
  author={Carston, Robyn},
  journal={The semantics-pragmatics boundary in philosophy},
  volume={261},
  year={2013},
  publisher={Broadview Press}
}

@article{chomsky1977,
  title={On wh-movement},
  author={Chomsky, Noam and Culicover, Peter W and Wasow, Thomas and Akmajian, Adrian and others},
  journal={1977},
  volume={65},
  year={1977}
}

@article{corver1990,
  title={The syntax of left branch extractions.},
  author={Corver, Norbert},
  year={1990}
}

@article{corver1993,
  title={A note on subcomparatives},
  author={Corver, Norbert},
  journal={Linguistic Inquiry},
  pages={773--781},
  year={1993},
  publisher={JSTOR}
}

@article{corver1997a,
  title={The internal syntax of the Dutch extended adjectival projection},
  author={Corver, Norbert},
  journal={Natural Language \& Linguistic Theory},
  volume={15},
  number={2},
  pages={289--368},
  year={1997},
  publisher={Springer}
}

@article{corver1997b,
  title={Much-support as a last resort},
  author={Corver, Norbert},
  journal={Linguistic inquiry},
  pages={119--164},
  year={1997},
  publisher={JSTOR}
}

@incollection{cresswell1976,
  title={The semantics of degree},
  author={Cresswell, Max J},
  booktitle={Montague grammar},
  pages={261--292},
  year={1976},
  publisher={Elsevier}
}

@article{grano2012,
  title={Mandarin transitive comparatives and the grammar of measurement},
  author={Grano, Kennedy},
  journal={Journal of East Asian Linguistics},
  volume={21},
  pages={219--266},
  year={2012},
  publisher={Springer}
}

@phdthesis{grimshaw1991,
  title={Extended projection},
  author={Grimshaw J},
  year={1991},
  school={Brandeis University}
}

@article{heim1985,
  title={Notes on comparatives and related matters},
  author={Heim, Irene},
  journal={Ms., University of Texas, Austin},
  year={1985}
}

@inproceedings{heim2000,
  title={Degree operators and scope},
  author={Heim, Irene},
  booktitle={Semantics and linguistic theory},
  volume={10},
  pages={40--64},
  year={2000}
}

@book{hellan1981,
  title={Towards an integrated analysis of comparatives},
  author={Hellan, Lars},
  year={1981},
  publisher={Narr}
}

@article{hoeksema1983,
  title={Negative polarity and the comparative},
  author={Hoeksema, Jack},
  journal={Natural Language \& Linguistic Theory},
  volume={1},
  pages={403--434},
  year={1983},
  publisher={Springer}
}

@inproceedings{horn1992,
  title={The said and the unsaid},
  author={Horn, Laurence R},
  booktitle={Semantics and linguistic theory},
  volume={2},
  pages={163--192},
  year={1992}
}

@book{pan1998,
  title={Introduction to formal semantics},
  author={Jiang Y, Pan H},
  year={1998},
  publisher={China social sciences press}
}

@incollection{kamp2013,
  title={Two theories about adjectives},
  author={Kamp, Hans},
  booktitle={Meaning and the Dynamics of Interpretation},
  pages={225--261},
  year={2013},
  publisher={Brill}
}

@phdthesis{kennedy1997,
  title={Projecting the adjective: The syntax and semantics of gradability and comparison},
  author={Kennedy, Christopher D},
  year={1997},
  school={University of California, Santa Cruz}
}

@article{klein1980,
  title={A semantics for positive and comparative adjectives},
  author={Klein, Ewan},
  journal={Linguistics and philosophy},
  volume={4},
  pages={1--45},
  year={1980},
  publisher={Springer}
}

@book{lobner2010,
  title={Wahr neben falsch: duale Operatoren als die Quantoren nat{\"u}rlicher Sprache},
  author={L{\"o}bner, Sebastian},
  volume={244},
  year={2010},
  publisher={Walter de Gruyter}
}

@book{ginet1973,
  title={Comparative constructions in English: a syntactic and semantic analysis.},
  author={Ginet, Sally McConnell},
  year={1973},
  publisher={University of Rochester}
}

@article{renate1973,
  title={Semantic structures: A study in the relation between syntax and semantics},
  author={Renate, Bartsch and Theo, Vennemann},
  year={1973},
  publisher={Athaenum Verlag, Frankfurt}
}

@article{von1984a,
  title={Comparing semantic theories of comparison},
  author={Von Stechow, Arnim von},
  journal={Journal of semantics},
  volume={3},
  number={1},
  pages={1--77},
  year={1984},
  publisher={Citeseer}
}

@article{von1984b,
  title={My reaction to Cresswell's, Hellan's, Hoeksema's and Seuren's comments},
  author={Von Stechow, Arnim von},
  journal={Journal of Semantics},
  volume={3},
  number={1-2},
  pages={183--199},
  year={1984},
  publisher={Oxford University Press}
}

@inproceedings{seuren1978,
  title={The structure and selection of positive and negative gradable adjectives},
  author={Seuren, Pieter AM},
  booktitle={14th Regional Meeting, Chicago Linguistic Society},
  pages={336--346},
  year={1978},
  organization={CLS}
}

@article{bartsch1974,
  title={Semantic structures},
  author={Bartsch, Renate and Vennemann, Theo},
  year={1974}
}

@book{rett2008,
  title={Degree modification in natural language},
  author={Rett, Jessica},
  year={2008},
  publisher={Rutgers The State University of New Jersey-New Brunswick}
}

@article{russell1905,
  title={On denoting},
  author={Russell, Bertrand},
  journal={Mind},
  volume={14},
  number={56},
  pages={479--493},
  year={1905},
  publisher={JSTOR}
}

@article{bowers1975,
  title={Adjectives and adverbs in English},
  author={Bowers, John S},
  journal={Foundations of language},
  volume={13},
  number={4},
  pages={529--562},
  year={1975},
  publisher={JSTOR}
}

@book{jackendoff1977,
  title={X syntax: A study of phrase structure},
  author={Jackendoff, Ray and others},
  year={1977},
  publisher={MIT press}
}

@article{svenonius2006,
  title={Northern Norwegian degree questions and the syntax of measurement},
  author={Svenonius, Peter and Kennedy, Christopher},
  journal={Phases of interpretation},
  volume={91},
  pages={133--161},
  year={2006},
  publisher={Mouton de Gruyter Berlin}
}

@book{bobaljik2012,
  title={Universals in comparative morphology: Suppletion, superlatives, and the structure of words},
  author={Bobaljik, Jonathan David},
  year={2012},
  publisher={MIT Press}
}

@phdthesis{guo2012,
  title={Form and meaning: Chinese adjectives and comparative constructions},
  author={Guo, Jie},
  year={2012},
  school={Chinese University of Hong Kong}
}

@book{rullmann1995,
  title={Maximality in the Semantics ofWh-constructions},
  author={Rullmann, Hotze},
  year={1995},
  publisher={University of Massachusetts Amherst}
}

@article{lin2014,
  title={The adjective of quantity duo many/much and differential comparatives in Mandarin Chinese},
  author={Lin, Jo-wang},
  journal={International Journal of Chinese Linguistics},
  volume={1},
  number={2},
  pages={163--191},
  year={2014},
  publisher={John Benjamins}
}

@article{li2015,
  title={Degreeless comparatives: The semantics of differential verbal comparatives in Mandarin Chinese},
  author={Li, Xiao},
  journal={Journal of Semantics},
  volume={32},
  number={1},
  pages={1--38},
  year={2015},
  publisher={Oxford University Press}
}